@article{石川太郎1974照明制御システムへの半導体応用,
  title={照明制御システムへの半導体応用},
  author={石川太郎},
  journal={電氣學會雜誌},
  volume={94},
  number={1},
  pages={12--18},
  year={1974},
  publisher={一般社団法人 電気学会}
}
@article{ref:sound_audible,
  title={可聴音を利用した近距離情報伝送技術},
  author={松岡 保静},
  journal={博士論文},
  volume={},
  number={},
  pages={},
  year={2016},
  publisher={筑波大学}
}

@article{ref:sound_underwater,
  title={水中音響通信技術の紹介},
  author={樹田 行弘，出口 充康，志村 拓也},
  journal={電子情報通信学会　通信ソサイエティマガジン},
  volume={15},
  number={4},
  pages={271-283},
  year={2022},
  publisher={一般社団法人 電子情報通信学会 }
}

@article{ref:ofdm,
  title={音響データ通信技術 : 音響OFDM(<小特集>携帯情報機器における音響技術)},
  author={松岡 保静},
  journal={日本音響学会誌},
  volume={68},
  number={3},
  pages={143-147},
  year={2012},
  publisher={一般社団法人 日本音響学会}
}

@article{,
  title={},
  author={},
  journal={},
  volume={},
  number={},
  pages={},
  year={},
  publisher={}
}

@misc{UP-200,
  note=報道発表資料「音響OFDM」技術を開発, \url{https://www.docomo.ne.jp/info/news_release/page/20060413.html}. (2025/4/27 閲覧)"
}